@book{koza92,
		author    = "Koza, John R.",
		title     = "Genetic Programming: On the Programming of Computers by Means of Natural Selection",
		publisher = "MIT Press",
		year      = "1992"
}


@misc{ wiki:latex,
       author = "Wikipedia",
       title = "LaTeX --- Wikipedia{,} La enciclopedia libre",
       year = "2015",
       howpublished = {\url{https://es.wikipedia.org/w/index.php?title=LaTeX&oldid=84209252}},
       note = "[Internet; descargado 30-septiembre-2015]"
}


@article{bortolot2005,
  title={Estimating forest biomass using small footprint LiDAR data: An individual tree-based approach that incorporates training data},
  author={Bortolot, Zachary J and Wynne, Randolph H},
  journal={ISPRS Journal of Photogrammetry and Remote Sensing},
  volume={59},
  number={6},
  pages={342--360},
  year={2005},
  publisher={Elsevier}
}


@misc{dobleGasto,
       author = "KeepCoding",
       title = "¿Qué es el doble gasto?",
       year = "2023",
       howpublished = {\url{https://keepcoding.io/blog/que-es-el-doble-gasto/#:~:text=El%20doble%20gasto%20en%20las,digitales%20que%20representan%20la%20moneda./}},
}


@misc{introducciónBlockchain,
       author = "SAP",
       title = "¿Qué es la tecnología de blockchain?",
       year = "2023",
       howpublished = {\url{https://www.sap.com/spain/products/artificial-intelligence/what-is-blockchain.html}},
}


@misc{introducciónBitcoin,
       author = "Lisa Institute",
       title = "Qué es Bitcoin: origen, usos, ventajas y riesgos",
       year = "2021",
       howpublished = {\url{https://www.lisainstitute.com/blogs/blog/que-es-bitcoin-origen-usos-ventajas-riesgos}},
}


@misc{wiki:DTL,
       author = "Wikipedia",
       title = "Distributed Ledger Technology (DLT)",
       year = "2022",
       howpublished = {\url{https://es.wikipedia.org/wiki/Distributed_Ledger_Technology_(DLT)}},
}


@misc{BlockchainFuncionamiento,
       author = "Michele D'Aliessi",
       title = "How Does the Blockchain Work?",
       year = "2016",
       howpublished = {\url{https://onezero.medium.com/how-does-the-blockchain-work-98c8cd01d2ae}},
}


@misc{Hyperledger,
       author = "IBM",
       title = "¿Qué es Hyperledger Fabric?",
       year = "2021",
       howpublished = {\url{https://www.ibm.com/es-es/topics/hyperledger#:~:text=Hyperledger%20Fabric%20es%20una%20plataforma,con%20permisos%22%20(conocidos).}},
}


@misc{R3Corda,
       author = "André Carneiro",
       title = "¿What is R3 Corda and How it Works | BBChain?",
       year = "2022",
       howpublished = {\url{https://www.bbchain.com.br/en/blockchain-blog/what-is-r3-corda-and-how-it-works}},
}


@misc{smartcontractHistoria,
       author = "Universidad de Alcalá",
       title = "Historia de los Smart Contracts",
       year = "2019",
       howpublished = {\url{https://masterethereum.com/historia-smart-contracts/}},
}


@article{AplicacionesDesafiosSmartcontract,
  title={Blockchain smart contracts: Applications, challenges, and future trends},
  author={Khan Shafaq Naheed, Loukil Faiza, Ghedira-Guegan Chirine and Benkhelifa Elhadj, Bani-Hani Anoud},
  journal={Peer-to-Peer Networking and Applications},
  volume={14},
  number={5},
  pages={2901--2925},
  year={2021},
  publisher={springer}
}


@misc{tokenización,
       author = "ASOBANCARIA",
       title = "Hablemos de blockchain: ¿Qué es la tokenización y para qué sirve?",
       year = "2021",
       howpublished = {\url{https://www.sabermassermas.com/hablemos-de-blockchain-que-es-la-tokenizacion-y-para-que-sirve/}},
}


@misc{tiposToken,
       author = "KeepCoding",
       title = "¿Qué tipos de tokens existen?",
       year = "2023",
       howpublished = {\url{https://keepcoding.io/blog/que-tipos-de-tokens-existen/}},
}


@misc{fungibilidadGob,
       author = "Gobierno de España",
       title = "FUNGIBILIDAD",
       year = "2021",
       howpublished = {\url{https://www.tesoro.es/fungibilidad/}},
}


@misc{fungibilidadGob,
       author = "SoluLab",
       title = "Vaultless Tokenization vs. Vault Tokenization",
       year = "2021",
       howpublished = {\url{https://keepcoding.io/blog/que-tipos-de-tokens-existen/}},
}


@article{NFTintroducción,
  title={Non-Fungible Tokens (NFT): A Systematic Review},
  author={Taherdoost, Hamed},
  journal={MDPI},
  volume={14},
  number={26},
  pages={26--},
  year={2022},
  publisher={springer}
}


@misc{ERC721Introducción,
       author = "Juan Fornell",
       title = "¿Qué es un token ERC 721?",
       year = "2019",
       howpublished = {\url{https://academy.bit2me.com/que-es-token-erc-721/}},
}


@misc{bóvedaTokenización,
       author = "SoluLab",
       title = "Vaultless Tokenization vs. Vault Tokenization",
       year = "2019",
       howpublished = {\url{https://www.solulab.com/vaultless-tokenization-vs-vault-tokenization/}},
}


@misc{sha256,
       author = "Scaling Parrots",
       title = "Blockchain Hash: what is it and what is it for",
       year = "2020",
       howpublished = {\url{https://www.scalingparrots.com/en/blockchain-hash-what-is-it/#:~:text=A%20Blockchain%20hash%20is%20used,the%20end%20of%20the%20chain./}},
}


@article{PoW,
  title={Blockchain Technology: Consensus Protocol Proof of Work and Proof of Stake},
  author={Sriman, Ganesh Kumar, Shamili},
  journal={Advances in Intelligent Systems and Computing},
  volume={1172},
  number={6},
  pages={395--406},
  year={2021},
  publisher={Springer Nature Singapore Pte Ltd}
}


@misc{IntroducciónNodo,
       author = "José Maldonado",
       title = "QUÉ SON LOS NODOS Y SU PAPEL CLAVE EN LA TECNOLOGÍA BLOCKCHAIN",
       year = "2023",
       howpublished = {\url{https://observatorioblockchain.com/blockchain/que-son-los-nodos-y-su-papel-clave-en-la-tecnologia-blockchain/#:~:text=Los%20nodos%20en%20blockchain%20son,la%20seguridad%20de%20la%20red./}},
}


@misc{tiposNodos,
       author = "Utimaco",
       title = "¿Cuáles son los tipos de nodos en Blockchain?",
       year = "2022",
       howpublished = {\url{https://utimaco.com/es/servicio/base-de-conocimientos/tecnologia-blockchain/cuales-son-los-tipos-de-nodos-en-blockchain/}},
}


@article{Web3,
  title={Web 3.0: The Future of Internet},
  author={Gan Wensheng, Ye Zhenqiang, Wan Shicheng, Yu Philip S},
}


@misc{DApps,
       author = "Javier Sáez Hurtado",
       title = "Qué son las DApps o Aplicaciones Descentralizadas y varios ejemplos",
       year = "2022",
       howpublished = {\url{https://www.iebschool.com/blog/dapps-o-aplicaciones-descentralizadas-que-son-y-como-funcionan-finanzas/}},
}

@misc{DAppsEconomía,
       author = "ARTKAI",
       title = "How Much Does It Cost to Create a dApp? ",
       year = "2022",
       howpublished = {\url{https://artkai.io/blog/how-much-does-it-cost-to-build-a-dapp/}},
}

@misc{QueEsEthereum,
       author = "cointelegraph",
       title = "Qué es Ethereum. ",
       year = "2022",
       howpublished = {\url{https://es.cointelegraph.com/learn/what-is-ethereum-a-beginners-guide-to-eth-cryptocurrency/}},
}


@misc{QueEsETH,
       author = "Ethereum",
       title = "¿Qué es el ether (ETH)? | ethereum.org ",
       year = "2024",
       howpublished = {\url{https://ethereum.org/es/eth/}},
}

@misc{QueEsEVM,
       author = "nhsz",
       title = "Máquina virtual de Ethereum (EVM) | ethereum.org",
       year = "2023",
       howpublished = {\url{https://ethereum.org/es/developers/docs/evm/}},
}

@misc{ComoFuncionaEVM,
       author = "Juan Fornell",
       title = "Máquina virtual de Ethereum (EVM) | ethereum.org",
       year = "2019",
       howpublished = {\url{https://academy.bit2me.com/que-es-ethereum-virtual-machine-evm/}},
}

@misc{gasEthereum,
       author = "socopower",
       title = "Gas y tarifas | ethereum.org",
       year = "2023",
       howpublished = {\url{https://ethereum.org/es/developers/docs/gas/}},
}


